2224 3872
310 193 641 254 errouluurri.
885 193 942 250 125
963 275 968 280 ι

15 349 202 406 Armorum
219 348 286 408 Salo
299 354 476 423 temperator
489 347 597 405 ambit:
913 359 942 404 15

15 429 237 502 Tutelamque
252 429 411 503 chorosque
426 429 625 498 Rixamarum,

15 507 61 566 Et
77 508 233 565 convivia
246 507 321 565 fests
335 507 525 578 Carduarum,

15 588 62 644 Et·
78 589 188 645 textis
204 588 343 645 Peterum
356 589 430 645 rosis
444 589 606 655 rubentem,

16 669 132 742 Atque
149 668 279 743 antiqua
292 675 408 742 patrum
421 667 538 724 theatra
551 668 652 744 Rigas,

18 748 63 803 Et
80 755 193 805 certos
208 748 302 805 iaculo
315 748 374 804 levi
390 747 492 816 Silaos,

19 826 249 903 Turgontique
263 827 342 884 lacus
355 826 562 901 Perusiaeque,

20 906 66 962 Et
81 926 206 982 parvae
219 908 295 964 vada
308 926 382 981 pura
395 907 577 975 Vetonissae,

22 986 66 1042 Et
82 993 231 1044 sanctum
243 986 408 1044 Buradonis
422 986 560 1054 ilicetum,

22 1065 87 1122 Per
103 1068 194 1140 quod
208 1066 256 1123 vel
270 1067 353 1141 piger
366 1068 495 1124 ambulat
508 1067 623 1134 viator;

25 1145 69 1202 Et
84 1165 170 1220 quae
187 1145 311 1204 fortibus
324 1146 434 1204 excolit
448 1146 579 1203 iuvencis

26 1224 155 1283 Curvae
171 1226 303 1284 Manlius
316 1245 387 1284 arva
400 1225 584 1283 Vativescae.

28 1304 118 1362 Haec
134 1313 201 1362 tam
214 1306 332 1376 rustica,
347 1306 470 1363 delicate
483 1306 583 1376 lector,

30 1383 127 1442 Rides
142 1386 287 1444 nomina?
308 1387 403 1443 rideas
417 1387 525 1444 licebit.

30 1462 120 1522 Haec
135 1472 202 1521 tam
215 1465 325 1523 rustica
337 1467 423 1536 malo,
438 1485 526 1541 quam
539 1465 696 1523 Butuntos.

23 1579 58 1625 16.
81 1581 207 1642 clerosque
227 1581 387 1643 suasurum]
416 1584 457 1630 i.e.
487 1583 524 1640 64,
539 1586 625 1629 ‘nme
635 1584 716 1643 pingue
726 1581 897 1628 solum-sortes
906 1583 941 1627 in·

16 1638 104 1684 lxemas
114 1641 209 1686 choreis
245 1641 345 1686 ndentes.
488 1648 576 1688 vertent
592 1641 792 1694 uuriJ-Oureae,
803 1655 832 1685 on
846 1641 884 1685 the
894 1641 942 1686 side

24 1694 59 1739 ¹2⁴.
73 1712 116 1754 per
130 1698 205 1758 quod]
251 1699 303 1744 hich
318 1701 337 1744 is
353 1714 377 1744 so
393 1700 460 1744 besu·
490 1701 516 1745 of
533 1715 546 1744 s
561 1699 612 1756 hill,
622 1715 647 1745 cr
664 1701 688 1744 in
699 1693 943 1758 swihdingvslley.-

15 1752 48 1797 ful
56 1755 107 1800 that
115 1757 157 1802 the
167 1755 392 1810 traveller,howsvcr
401 1758 460 1804 tired
489 1757 594 1802 Mardius
603 1772 647 1802 was
661 1756 770 1815 probably
782 1771 843 1802 some
853 1755 941 1801 mutual

15 1825 24 1854 e
34 1826 87 1870 may
97 1814 134 1868 be,
148 1814 224 1859 wallis
234 1829 262 1858 on
273 1815 370 1873 through
381 1817 405 1860 it.
487 1815 561 1862 friend
571 1816 597 1861 of
607 1815 701 1861 Martial
710 1816 754 1860 aud
764 1815 855 1861 Lucius.

25 1867 61 1914 25.
70 1870 189 1930 fueritin]
208 1871 241 1918 So
259 1873 321 1932 Virg.
344 1873 425 1932 Georg.
443 1874 459 1918 i.

307 1997 371 2056 rr.
395 1996 642 2074 193.(1V.1vii.)

29 2093 122 2142 Martiul
130 2099 183 2144 bids
192 2098 292 2144 urewell
299 2106 322 2143 to
330 2098 407 2155 Baiae,
414 2101 458 2144 end
468 2115 570 2159 prepares
577 2109 599 2145 to
609 2100 676 2144 avoid
686 2099 725 2145 the
734 2098 871 2159 pestilentisl
880 2099 942 2144 heats

15 2151 27 2194 l
37 2162 132 2200 autmnn
143 2158 175 2216 by
185 2159 252 2216 going
262 2165 285 2202 tc
296 2157 400 2203 thevilla
410 2159 436 2202 of
448 2158 569 2203 Faustinus
579 2166 602 2204 st
612 2158 689 2203 Tibur.

40 2237 120 2296 Dum
133 2261 189 2299 nos
203 2242 310 2299 blanda
324 2249 424 2300 tenent
436 2243 539 2300 lascivi
554 2251 659 2316 stagna
671 2241 794 2300 Lucrini

80 2319 121 2375 Et
135 2341 212 2396 quae
226 2323 365 2397 pumiceis
379 2323 508 2380 fontibus
523 2330 607 2379 antra
621 2322 725 2392 calent,

43 2395 90 2453 Tu
104 2403 178 2459 colis
188 2403 282 2478 Argei
296 2420 427 2478 regnum,
443 2403 592 2473 Faustino,
608 2402 712 2473 coloni,

83 2477 148 2550 Quo
163 2489 193 2539 te
207 2483 251 2539 bis
266 2483 393 2540 decimus
408 2484 489 2540 ducit
502 2484 538 2539 ab
552 2484 624 2540 urbe
638 2482 722 2557 lapis.

45 2553 174 2618 Horrida
189 2563 240 2618 sed
253 2561 368 2619 fervent
381 2563 520 2620 Nemeaei
534 2569 652 2637 pectora
665 2562 797 2633 monstri,
927 2573 942 2620 ὅ

82 2637 148 2698 Nec
163 2643 234 2698 satis
247 2649 300 2713 est,
316 2642 403 2699 Baias
417 2643 485 2716 igne
500 2642 594 2700 calere
608 2661 669 2700 suc.

46 2712 125 2792 Ergo
139 2722 215 2778 sacri
229 2720 323 2779 fontes
338 2731 368 2778 et
381 2722 467 2778 litora
480 2731 564 2797 gruta
577 2724 680 2794 valete,

83 2796 290 2875 Nympharum
302 2803 413 2876 puriter
426 2802 647 2878 Nereidumque
661 2804 772 2861 domus.

48 2871 207 2937 Herculeos
222 2881 310 2938 colles
323 2882 421 2956 gelida
433 2901 485 2938 vos
499 2882 608 2939 vincite
622 2885 733 2955 bruma,

84 2954 173 3018 Nunc
187 2961 350 3019 Tiburtinis
364 2962 458 3018 cedite
472 2961 638 3037 frigoribus.
913 2973 941 3020 10

40 3050 462 3128 l·laara]SeePropert.i.1l.27„
486 3064 501 3112 i.
524 3063 558 3116 18,
578 3062 600 3118 2,
621 3063 694 3109 ‘Mite
714 3063 787 3109 solum
808 3063 899 3109 Tiburis
918 3071 943 3110 st

38 3107 68 3177 25]
82 3115 129 3163 The
171 3129 243 3166 ottoes
259 3135 329 3166 warin
342 3121 399 3168 with
417 3122 456 3166 bot
485 3120 671 3166 moeniaCatlli.’

15 3176 92 3231 'limus
114 3191 153 3234 με
170 3179 208 3236 ing
231 3179 290 3223 from
309 3179 348 3224 the
367 3180 456 3238 pumice
514 3179 534 3224 9.
550 3179 672 3224 Herculeos
684 3177 762 3237 colles]
785 3179 833 3224 The
847 3177 903 3224 hills
918 3179 945 3224 cf

17 3221 63 3294 (¹3⁰.
74 3231 181 3294 volcenic)
193 3237 257 3281 rocks
266 3244 290 3282 st
299 3236 375 3282 Baiae.
487 3237 565 3292 Tibur,
576 3236 650 3282 where
661 3237 771 3283 Hercules
781 3251 826 3282 was
836 3237 939 3296 specially

42 3281 60 3326 3·
74 3288 143 3346 Aryei
157 3294 357 3352 remum-echni]
378 3294 456 3344 Tibur.
486 3295 631 3354 worshipped.
658 3294 694 3340 cf.
705 3294 747 3354 Ep.
758 3294 815 3351 8.l;
830 3296 861 3341 iv.
874 3294 940 3350 621,

16 3335 105 3390 founded
115 3349 143 3408 by
154 3351 250 3396 Catillus
265 3352 309 3396 sud
320 3352 396 3406 Coras,
406 3367 457 3397 sons
487 3353 571 3398 ‘Tibur
578 3354 602 3397 in
613 3351 753 3398 Herculeum
763 3354 869 3412 migravit
878 3354 941 3410 nigro

18 3397 38 3493 gl
45 3401 224 3527 &illidium
236 3409 272 3455 Cf.
289 3409 348 3514 'itinn
369 3411 412 3514 Old.
431 3412 453 3486 ii
487 3410 710 3470 Lycorias-vincia,
726 3412 769 3458 ‘be
780 3412 880 3471 superior
891 3410 929 3456 t0.'

33 3485 64 3512 ·ι
153 3503 158 3524 ,
226 3483 445 3528 cposrumcocu03
