2262 3862
161 209 221 271 276
424 211 467 270 Μ.
488 211 583 269 VAL.
605 211 845 272 MARTIALIS

427 432 490 489 ΕΡ.
511 432 579 488 443.
599 430 836 508 (1111111111.)

191 557 267 604 Gellia
283 559 385 605 declar-ed
403 559 443 604 she
459 559 525 604 could
537 565 578 603 not
592 558 639 604 live
655 560 752 604 without
768 561 810 606 her
827 561 914 620 pearls.
948 561 1039 607 Martial
1049 577 1092 620 pnp
1111 601 1112 618 ,

162 617 211 662 that
221 617 318 662 Serenus
328 634 379 675 may
389 617 445 662 steal
456 619 527 672 them,
537 619 581 662 and
591 619 630 664 she
640 633 692 676 may
703 619 740 664 die
751 619 778 663 of
784 621 850 676 grief.
1111 621 1112 630 ³

201 729 233 785 N
234 749 271 785 on
286 749 337 804 per
350 730 474 804 mystica
489 748 570 786 sacra
583 729 794 803 Dindymenes,

201 801 266 866 Nec
279 829 332 884 per
346 810 479 865 Niliacae
492 811 596 866 bovem
611 810 758 877 iuvencae,

202 888 309 946 Nullos
324 890 448 962 denique
462 909 515 962 per
529 890 596 944 deos
611 889 736 962 deasque

201 969 285 1026 Iurat
300 969 405 1038 Gellia,
422 970 473 1025 sed
488 987 540 1042 per
553 969 683 1024 uniones,

203 1049 267 1106 Hos
281 1050 474 1123 amplectitur,
491 1049 543 1104 hos
559 1049 767 1122 peroseulatur,

203 1129 267 1185 Hos
282 1129 386 1186 fratres
401 1137 487 1185 vocat
500 1137 530 1185 et
543 1135 629 1184 vocat
644 1147 765 1199 sorores,

203 1209 267 1266 Hos
281 1210 357 1266 natis
371 1217 448 1265 amat
462 1211 556 1265 acrius
571 1209 691 1266 duabus.

202 1289 260 1345 His
275 1290 299 1346 si
314 1309 371 1363 quo
386 1298 483 1345 careat
496 1287 608 1345 misella
623 1308 699 1358 casu,

203 1370 356 1427 Victuram
370 1377 458 1442 neget
472 1387 534 1425 esse
549 1387 580 1424 se
594 1388 648 1425 nec
662 1369 774 1425 horam.

202 1451 296 1518 Eheu,
312 1469 399 1523 quam
412 1453 486 1505 bene
499 1468 585 1517 nunc,
601 1449 767 1522 Papiriane,

202 1531 319 1587 Annaei
333 1529 443 1586 faceret
456 1548 559 1585 manus
576 1529 677 1587 Sereni
692 1529 698 1587 l

192 1656 211 1701 1.
227 1656 387 1715 Dindymenes]
403 1655 616 1710 omnesomnes,
645 1656 727 1709 bouem,
738 1656 801 1715 Apis.

162 1715 236 1760 whose
246 1716 299 1760 rites
313 1730 371 1759 were
385 1713 439 1772 only
449 1713 574 1759 celebrated
586 1716 617 1772 by
675 1715 695 1758 9.
710 1714 758 1771 nee]
774 1716 808 1760 Ne
818 1714 900 1760 horam
911 1718 1016 1775 quidem.

162 1788 256 1825 women,
265 1774 300 1818 for
308 1773 381 1818 which
395 1788 474 1818 reason
484 1773 538 1830 they
549 1788 618 1818 swore
677 1771 722 1829 ll.]
736 1773 831 1818 Serenus
845 1789 921 1818 seems
940 1785 965 1819 to
980 1778 1035 1821 have
1048 1775 1087 1820 heu

162 1832 282 1899 mostlyby
291 1831 338 1875 her.
645 1847 658 1876 a
672 1832 740 1876 noted
751 1832 815 1886 thies,
830 1847 855 1875 or
870 1833 970 1892 perhaps
985 1850 1044 1880 some
1055 1849 1087 1876 ‹uc-

190 1888 211 1934 2.
220 1889 338 1948 juvencae]
358 1889 409 1945 Isis,
428 1888 471 1948 Ep.
493 1888 545 1935 545.
565 1888 616 1934 l.-
644 1889 947 1948 cesslulstealeroljewels.

420 2074 482 2132 ΕΡ.
505 2076 572 2132 444.
596 2072 698 2150 (VIII.
714 2072 839 2149 lxxxii.)

190 2201 284 2248 Martial
293 2203 375 2261 praises
385 2201 503 2246 Domitian
513 2202 548 2246 for
558 2202 664 2259 fostering
673 2208 714 2246 not
723 2200 778 2262 only
787 2207 849 2260 great
858 2200 917 2260 Epic
928 2209 1002 2262 poets,
1012 2203 1048 2247 but
1060 2201 1085 2245 tlt

161 2262 254 2307 humble
264 2261 447 2320 Epigrammotist
456 2276 479 2304 aa
489 2259 548 2304 well.

201 2389 298 2446 Dante
311 2386 366 2443 tibi
380 2387 466 2442 turba
479 2385 624 2458 querulos,
640 2383 785 2459 Auguste,
801 2384 927 2455 libellos,

240 2468 304 2524 Nos
318 2483 433 2540 quoque
447 2465 525 2538 quod
540 2465 655 2521 domino
670 2465 798 2520 carmina
811 2484 905 2538 parva
920 2467 1032 2537 damus,

201 2549 292 2606 Posse
306 2547 392 2602 deum
406 2547 492 2601 rebus
507 2545 615 2619 pariter
629 2544 782 2616 Musisque
796 2563 902 2602 vacare

244 2627 366 2694 Scimus,
384 2626 498 2681 ethaeo
512 2625 600 2680 etiam
615 2632 693 2680 serta
706 2624 820 2698 placere
834 2625 898 2682 tibi.

201 2709 259 2765 Fer
273 2714 363 2774 vates,
378 2704 524 2779 Auguste,
540 2710 622 2761 tuos:
644 2723 696 2760 nos
710 2694 803 2779 gloria
818 2705 922 2775 dulcis,
1072 2719 1081 2764 5

240 2788 270 2845 N
272 2806 303 2843 os
317 2793 368 2842 tua
382 2803 452 2841 cura
466 2785 545 2858 prior
558 2785 736 2856 deliciaeque
751 2802 858 2840 sumus.

200 2869 271 2925 Non
285 2883 409 2941 quercus
424 2871 453 2920 te
468 2865 529 2920 sola
543 2865 635 2932 decet,
650 2883 704 2920 nec
717 2863 816 2920 laurea
829 2864 965 2924 Phoebi:

241 2948 309 3004 Fiat
322 2952 353 3002 et
366 2964 404 3001 ex
418 2944 526 3000 hedera
540 2944 634 3014 civica
649 2950 749 3000 nostra
762 2944 824 3000 tibi.

191 3091 209 3137 l.
226 3089 322 3148 libellos]
341 3085 481 3138 ‘Petitions,'
501 3085 543 3142 Ep.
562 3084 613 3132 217.
644 3087 679 3145 (to
695 3085 829 3144 Augustus),
845 3087 918 3132 ‘hanc
935 3089 984 3136 sine
999 3098 1081 3149 tempora

162 3150 196 3195 19.
206 3149 347 3194 ‘Thereason
354 3145 442 3203 whywe
450 3145 547 3189 toooffer
553 3143 614 3190 little
642 3145 727 3189 circum
742 3145 805 3190 Inter
818 3146 922 3191 victrices
935 3147 1037 3193 hederam
1050 3149 1081 3193 tibi

160 3214 251 3253 sonnets
261 3205 329 3250 while
340 3205 377 3249 the
387 3202 441 3246 talk
451 3203 510 3247 hand
521 3203 544 3246 in
555 3201 615 3246 their
643 3217 729 3260 serpere
739 3201 933 3248 laurus.'-eiciea
949 3213 1030 3254 nostra.
1040 3206 1080 3250 surh

160 3266 310 3320 importunate
333 3261 446 3319 petitione,
470 3261 489 3304 is
514 3259 563 3304 that
580 3274 614 3304 we
642 3275 656 3304 a
674 3274 747 3304 crown
764 3275 788 3304 aa
807 3275 840 3305 we
857 3269 920 3318 poeta
940 3278 981 3308 can
1012 3267 1042 3309 'ee
1056 3265 1082 3308 lor

160 3319 291 3372 know,'&e.
657 3331 698 3361 our
730 3324 853 3376 putronage.
901 3319 963 3378 Virg.
1025 3322 1039 3366 l.
1066 3320 1080 3367 i.

188 3375 209 3418 3.
225 3373 296 3430 rebus]
311 3372 412 3416 Publicis
426 3372 612 3428 negociis-daec
641 3331 677 3427 15,
704 3374 826 3428 ’1)1110111,
853 3374 937 3421 hedera
961 3389 1081 3424 crescentem

159 3435 253 3480 -scrta,
277 3436 344 3486 oetry.
359 3428 459 3472 SeeTae.
469 3429 529 3474 Hist.
537 3431 566 3473 iv.
576 3429 611 3475 84.
641 3437 719 3476 ornate
735 3431 841 3490 poetam'
864 3431 914 3479 :See
935 3433 978 3493 Ep.
1000 3435 1044 3483 160.
1060 3437 1081 3490 ὃς

188 3485 208 3528 8,
272 3485 321 3540 era]
342 3483 378 3528 cf.
397 3484 458 3542 Virg.
476 3484 525 3530 Ecl.
543 3485 563 3531 8.
584 3486 611 3531 12
641 3486 690 3532 191.
701 3486 721 3534 l.
