2262 3862
136 204 197 264 240
397 197 440 254 M.
461 195 558 253 VAL.
578 192 823 254 MARTIALIS

420 466 484 523 ΕΡ.
506 467 574 523 385.
596 465 682 540 (VII.
699 465 794 538 xcvi.)

199 607 1034 669 Aboeuttulspignmonthsdanotnm'infintehffltffia

179 745 323 804 Conditus
336 744 386 800 hie
399 762 455 818 ego
468 762 533 799 sum
545 742 632 800 Bassi
646 742 737 813 dolor,
752 743 886 801 Urbicus
900 742 1016 812 infins,

219 824 277 883 Cui
290 843 384 899 genus
397 831 428 880 et
440 842 546 880 nomeu
559 823 689 879 maxima
702 821 797 878 Roma
809 823 905 878 dedit.

181 904 244 964 Sex
255 904 330 960 mihi
342 904 379 960 de
390 903 485 978 prima
497 903 619 959 deerant
632 903 783 958 trieteride
796 921 927 974 mensa,

219 985 376 1058 Ruperunt
388 984 511 1040 tetrieae
524 1001 592 1040 eum
604 983 682 1038 mala
694 1001 786 1058 pensa
799 983 884 1039 deae.

180 1063 260 1136 Quid
273 1063 395 1138 speeies,
410 1064 481 1137 quid
494 1063 597 1138 lingua
609 1063 692 1131 mihi,
707 1063 780 1136 quid
792 1062 911 1136 profuit
925 1063 1036 1120 aetus?
1070 1075 1079 1118 ε

219 1145 267 1200 Da
280 1143 414 1200 lacrimas
427 1143 549 1212 tumulo,
565 1142 617 1216 qui
630 1141 705 1218 legis
718 1144 784 1211 ista,
798 1161 876 1199 meo.

182 1222 231 1282 Sic
244 1224 282 1279 ud
295 1222 448 1292 Lethaeus,
463 1222 520 1279 nisi
534 1222 662 1278 Nestore
676 1223 779 1290 serius,
792 1224 892 1280 undas

219 1303 289 1361 Non
302 1311 358 1374 eat,
373 1303 488 1378 optabis
501 1321 590 1376 quem
603 1321 755 1377 superesse
768 1303 834 1360 tibi.

169 1454 190 1500 3.
215 1454 338 1512 trieteride]
366 1455 396 1500 et
424 1453 594 1514 Ep.294.1;
623 1453 672 1500 life.

139 1512 223 1558 tm-
653 1511 1044 1576 &flammemur-

169 1569 364 1628 toalopem]
380 1570 429 1616 'l'ba
445 1571 514 1630 badly
529 1585 594 1628 spun,
653 1571 981 1630 &Nummum

139 1630 185 1675 aud
213 1629 325 1675 therefore
348 1629 445 1686 dende,
469 1629 548 1675 thread
571 1629 599 1674 of

426 1829 491 1889 ΕΡ.
512 1831 581 1889 386.
603 1830 691 1897 (Vn.
705 1830 813 1908 xcvii.)

169 1956 263 2003 llartial
278 1956 442 2016 wngntulstes
456 1957 493 2003 bis
508 1957 570 2002 book
583 1972 614 2002 ou
629 1956 837 2016 goiugtocaesius
849 1956 964 2016 Sabinu,
982 1959 1071 2006 'er

139 2015 270 2085 filistim·
286 2030 345 2061 even
356 2017 382 2061 in
396 2015 437 2084 the
451 2017 521 2085 midat
535 2016 563 2060 uf
575 2017 661 2085 serious
672 2015 849 2120 expiamenta,
866 2026 912 2086 not
923 2017 984 2077 only
1001 2029 1025 2064 h
1036 2029 1075 2085 rut

140 2073 277 2192 miili
287 2074 330 2119 but
343 2080 368 2119 to
386 2081 456 2120 recita
472 2080 493 2119 rt
507 2081 532 2119 to
547 2073 580 2118 all
594 2073 631 2119 lns
649 2075 679 2118 fn
789 2073 838 2120 For
854 2073 969 2132 Sabinu,
987 2091 1024 2123 ιε
1040 2091 1075 2120 as·

179 2241 270 2299 Nosti
283 2242 395 2299 sibene
409 2241 554 2312 Caesium,
568 2241 674 2310 libelle,

180 2321 341 2378 Montanae
353 2323 442 2379 decus
456 2322 598 2380 Umbriae
613 2320 762 2391 Sabinum,

179 2401 253 2459 Auli
265 2401 443 2476 municipem
455 2402 513 2457 mei
525 2401 678 2470 Pudentis,

179 2480 231 2538 Illi
244 2489 278 2538 tu
290 2481 374 2538 dabis
387 2481 460 2538 haec
472 2482 521 2537 vel
534 2489 684 2556 occupato.

179 2560 298 2618 Instent
310 2561 391 2617 mille
404 2561 474 2618 lieet
486 2570 678 2635 premantque
691 2579 788 2631 curae,

179 2640 299 2698 Nostris
312 2641 489 2697 earminibus
502 2649 600 2697 tamen
612 2642 738 2698 vaeabit.
848 2653 852 2658 “

179 2719 259 2778 Nam
272 2739 319 2777 me
332 2720 431 2796 diligit
443 2720 495 2777 ille
507 2721 732 2796 proximumque

180 2801 276 2857 Turni
289 2801 435 2857 nobilibus
448 2801 529 2875 leget
541 2801 656 2858 libellis.

180 2879 208 2940 Ο
221 2887 364 2954 quantum
375 2880 450 2936 mihi
462 2880 588 2938 nominis
601 2881 738 2955 paraturi

180 2958 208 3019 Ο
221 2979 296 3033 quae
309 2958 421 3034 gloria!
442 2978 531 3032 quam
544 2959 682 3034 frequens
695 2961 825 3020 amator!
1047 2973 1070 3020 rt

179 3040 225 3097 Te
237 3040 382 3110 convivia,
396 3047 426 3096 te
440 3038 536 3095 forum
550 3041 673 3111 sonabit,

177 3120 288 3191 Aedes,
303 3120 437 3194 eompita,
452 3120 592 3194 porticus,
605 3122 753 3180 tabernae.

179 3199 242 3259 Uui
253 3199 389 3269 mitteris,
403 3200 537 3256 omnibus
549 3199 665 3274 legeris

167 3346 189 3446 t
203 3347 594 3463 menstruam
618 3350 883 3456 nam-xeo
894 3353 971 3400 u*-
988 3355 1033 3401 ²⁵²²
1046 3351 1068 3398 ⁵

139 3457 314 3517 uotbingreams
325 3467 350 3504 to
362 3461 391 3506 bs
404 3463 497 3516 moun,
507 3463 593 3521 though
