<?xml version="1.0" encoding="UTF-8"?>
<!DOCTYPE html PUBLIC "-//W3C//DTD XHTML 1.0 Transitional//EN"
    "http://www.w3.org/TR/xhtml1/DTD/xhtml1-transitional.dtd">
<html xmlns="http://www.w3.org/1999/xhtml" xml:lang="en" lang="en">
 <head>
  <title>
</title>
<meta http-equiv="Content-Type" content="text/html;charset=utf-8" />
  <meta name='ocr-system' content='tesseract 3.04.00' />
  <meta name='ocr-capabilities' content='ocr_page ocr_carea ocr_par ocr_line ocrx_word'/>
</head>
<body>
  <div class='ocr_page' id='page_1' title='image "./mvalmartialisep01martgoog/mvalmartialisep01martgoog_0429.png"; bbox 0 0 2306 3862; ppageno 0'>
   <div class='ocr_carea' id='block_1_1' title="bbox 144 98 898 176">
    <p class='ocr_par' dir='ltr' id='par_1_1' title="bbox 144 98 898 176">
     <span class='ocr_line' id='line_1_1' title="bbox 144 98 898 176; baseline 0 -12"><span class='ocrx_word' id='word_1_1' title='bbox 144 105 201 164; x_wconf 84' lang='lat'><strong>404</strong></span> <span class='ocrx_word' id='word_1_2' title='bbox 353 167 356 176; x_wconf 59' lang='grc'>,</span> <span class='ocrx_word' id='word_1_3' title='bbox 397 105 441 163; x_wconf 92' lang='grc' dir='ltr'><strong>Μ.</strong></span> <span class='ocrx_word' id='word_1_4' title='bbox 463 105 558 164; x_wconf 87' lang='lat' dir='ltr'><strong>VAL.</strong></span> <span class='ocrx_word' id='word_1_5' title='bbox 579 102 818 164; x_wconf 82' lang='lat' dir='ltr'><strong>MARTIALIS</strong></span> <span class='ocrx_word' id='word_1_6' title='bbox 895 98 898 106; x_wconf 75' lang='grc'><strong>’</strong></span> 
     </span>
    </p>
   </div>
   <div class='ocr_carea' id='block_1_2' title="bbox 91 257 1081 1608">
    <p class='ocr_par' dir='ltr' id='par_1_2' title="bbox 181 257 718 334">
     <span class='ocr_line' id='line_1_2' title="bbox 181 257 718 334; baseline 0 -19"><span class='ocrx_word' id='word_1_7' title='bbox 181 257 246 315; x_wconf 87' lang='lat' dir='ltr'><strong>Nec</strong></span> <span class='ocrx_word' id='word_1_8' title='bbox 258 258 340 316; x_wconf 85' lang='lat' dir='ltr'><strong>labra</strong></span> <span class='ocrx_word' id='word_1_9' title='bbox 351 259 456 334; x_wconf 85' lang='lat' dir='ltr'><strong>pingui</strong></span> <span class='ocrx_word' id='word_1_10' title='bbox 469 259 600 317; x_wconf 84' lang='lat' dir='ltr'><strong>delibuta</strong></span> <span class='ocrx_word' id='word_1_11' title='bbox 612 264 718 329; x_wconf 88' lang='lat' dir='ltr'><strong>cerato,</strong></span> 
     </span>
    </p>

    <p class='ocr_par' dir='ltr' id='par_1_3' title="bbox 180 337 738 415">
     <span class='ocr_line' id='line_1_3' title="bbox 180 337 738 415; baseline 0.002 -20"><span class='ocrx_word' id='word_1_12' title='bbox 180 337 245 395; x_wconf 87' lang='lat' dir='ltr'><strong>Nec</strong></span> <span class='ocrx_word' id='word_1_13' title='bbox 258 339 402 414; x_wconf 87' lang='lat' dir='ltr'><strong>congelati</strong></span> <span class='ocrx_word' id='word_1_14' title='bbox 415 345 501 414; x_wconf 84' lang='lat' dir='ltr'><strong>gutta</strong></span> <span class='ocrx_word' id='word_1_15' title='bbox 514 339 645 415; x_wconf 89' lang='lat' dir='ltr'><strong>proderit</strong></span> <span class='ocrx_word' id='word_1_16' title='bbox 657 338 738 396; x_wconf 86' lang='lat' dir='ltr'><strong>nasi:</strong></span> 
     </span>
    </p>

    <p class='ocr_par' dir='ltr' id='par_1_4' title="bbox 180 417 750 493">
     <span class='ocr_line' id='line_1_4' title="bbox 180 417 750 493; baseline 0 -19"><span class='ocrx_word' id='word_1_17' title='bbox 180 417 222 474; x_wconf 82' lang='lat' dir='ltr'><strong>Et</strong></span> <span class='ocrx_word' id='word_1_18' title='bbox 234 425 414 474; x_wconf 71' lang='lat' dir='ltr'><strong>aestuantem</strong></span> <span class='ocrx_word' id='word_1_19' title='bbox 427 419 541 475; x_wconf 79' lang='lat' dir='ltr'><strong>basiant</strong></span> <span class='ocrx_word' id='word_1_20' title='bbox 554 425 584 475; x_wconf 93' lang='lat' dir='ltr'><strong>et</strong></span> <span class='ocrx_word' id='word_1_21' title='bbox 596 419 750 493; x_wconf 81' lang='lat' dir='ltr'>algentem,</span> 
     </span>
    </p>

    <p class='ocr_par' dir='ltr' id='par_1_5' title="bbox 179 496 710 572">
     <span class='ocr_line' id='line_1_5' title="bbox 179 496 710 572; baseline 0 -18"><span class='ocrx_word' id='word_1_22' title='bbox 179 496 222 554; x_wconf 90' lang='lat' dir='ltr'><strong>Et</strong></span> <span class='ocrx_word' id='word_1_23' title='bbox 235 498 365 572; x_wconf 89' lang='lat' dir='ltr'><strong>nuptiale</strong></span> <span class='ocrx_word' id='word_1_24' title='bbox 378 498 491 555; x_wconf 91' lang='lat' dir='ltr'><strong>basium</strong></span> <span class='ocrx_word' id='word_1_25' title='bbox 503 505 710 554; x_wconf 79' lang='lat' dir='ltr'><strong>reservantem.</strong></span> 
     </span>
    </p>

    <p class='ocr_par' dir='ltr' id='par_1_6' title="bbox 178 575 784 652">
     <span class='ocr_line' id='line_1_6' title="bbox 178 575 784 652; baseline 0 -18"><span class='ocrx_word' id='word_1_26' title='bbox 178 575 210 634; x_wconf 90' lang='lat' dir='ltr'>N</span> <span class='ocrx_word' id='word_1_27' title='bbox 211 596 250 634; x_wconf 92' lang='lat' dir='ltr'><strong>on</strong></span> <span class='ocrx_word' id='word_1_28' title='bbox 263 583 293 634; x_wconf 86' lang='lat' dir='ltr'><strong>te</strong></span> <span class='ocrx_word' id='word_1_29' title='bbox 306 578 428 635; x_wconf 87' lang='lat' dir='ltr'><strong>cucullis</strong></span> <span class='ocrx_word' id='word_1_30' title='bbox 441 583 552 634; x_wconf 85' lang='lat' dir='ltr'><strong>asseret</strong></span> <span class='ocrx_word' id='word_1_31' title='bbox 565 584 653 652; x_wconf 92' lang='lat' dir='ltr'><strong>caput</strong></span> <span class='ocrx_word' id='word_1_32' title='bbox 665 584 784 648; x_wconf 88' lang='lat' dir='ltr'><strong>tectum,</strong></span> 
     </span>
    </p>

    <p class='ocr_par' dir='ltr' id='par_1_7' title="bbox 178 655 721 732">
     <span class='ocr_line' id='line_1_7' title="bbox 178 655 721 732; baseline -0.002 -18"><span class='ocrx_word' id='word_1_33' title='bbox 178 657 299 714; x_wconf 90' lang='lat' dir='ltr'><strong>Lectica</strong></span> <span class='ocrx_word' id='word_1_34' title='bbox 310 676 365 715; x_wconf 89' lang='lat' dir='ltr'><strong>nec</strong></span> <span class='ocrx_word' id='word_1_35' title='bbox 379 665 408 714; x_wconf 88' lang='lat' dir='ltr'><strong>te</strong></span> <span class='ocrx_word' id='word_1_36' title='bbox 421 664 486 714; x_wconf 88' lang='lat' dir='ltr'><strong>tuta</strong></span> <span class='ocrx_word' id='word_1_37' title='bbox 499 655 575 732; x_wconf 89' lang='lat' dir='ltr'><strong>pelle</strong></span> <span class='ocrx_word' id='word_1_38' title='bbox 588 657 721 730; x_wconf 85' lang='lat' dir='ltr'><strong>veloque,</strong></span> 
     </span>
    </p>

    <p class='ocr_par' dir='ltr' id='par_1_8' title="bbox 178 735 745 811">
     <span class='ocr_line' id='line_1_8' title="bbox 178 735 745 811; baseline 0.002 -19"><span class='ocrx_word' id='word_1_39' title='bbox 178 735 245 794; x_wconf 89' lang='lat' dir='ltr'><strong>Nec</strong></span> <span class='ocrx_word' id='word_1_40' title='bbox 258 737 419 794; x_wconf 81' lang='lat' dir='ltr'><strong>vindicabit</strong></span> <span class='ocrx_word' id='word_1_41' title='bbox 432 736 504 794; x_wconf 90' lang='lat' dir='ltr'><strong>sella</strong></span> <span class='ocrx_word' id='word_1_42' title='bbox 517 737 632 811; x_wconf 83' lang='lat' dir='ltr'><strong>saepius</strong></span> <span class='ocrx_word' id='word_1_43' title='bbox 646 738 745 794; x_wconf 71' lang='lat' dir='ltr'><strong>clueat</strong></span> 
     </span>
    </p>

    <p class='ocr_par' dir='ltr' id='par_1_9' title="bbox 179 815 741 890">
     <span class='ocr_line' id='line_1_9' title="bbox 179 815 741 890; baseline -0.002 -17"><span class='ocrx_word' id='word_1_44' title='bbox 179 815 280 873; x_wconf 85' lang='lat' dir='ltr'><strong>Rimas</strong></span> <span class='ocrx_word' id='word_1_45' title='bbox 293 835 347 890; x_wconf 91' lang='lat' dir='ltr'><strong>per</strong></span> <span class='ocrx_word' id='word_1_46' title='bbox 359 835 458 873; x_wconf 91' lang='lat' dir='ltr'><strong>omnes</strong></span> <span class='ocrx_word' id='word_1_47' title='bbox 471 816 599 873; x_wconf 84' lang='lat' dir='ltr'><strong>basiator</strong></span> <span class='ocrx_word' id='word_1_48' title='bbox 612 817 741 873; x_wconf 87' lang='lat' dir='ltr'><strong>intrabit.</strong></span> 
     </span>
    </p>

    <p class='ocr_par' dir='ltr' id='par_1_10' title="bbox 178 896 765 970">
     <span class='ocr_line' id='line_1_10' title="bbox 178 896 765 970; baseline -0.002 -17"><span class='ocrx_word' id='word_1_49' title='bbox 178 896 249 953; x_wconf 90' lang='lat' dir='ltr'><strong>Non</strong></span> <span class='ocrx_word' id='word_1_50' title='bbox 262 897 428 953; x_wconf 90' lang='lat' dir='ltr'><strong>consulatus</strong></span> <span class='ocrx_word' id='word_1_51' title='bbox 442 897 513 970; x_wconf 90' lang='lat' dir='ltr'><strong>ipse,</strong></span> <span class='ocrx_word' id='word_1_52' title='bbox 528 915 587 952; x_wconf 92' lang='lat' dir='ltr'><strong>non</strong></span> <span class='ocrx_word' id='word_1_53' title='bbox 600 897 765 953; x_wconf 83' lang='lat' dir='ltr'><strong>tribunatus</strong></span> 
     </span>
    </p>

    <p class='ocr_par' dir='ltr' id='par_1_11' title="bbox 181 973 743 1050">
     <span class='ocr_line' id='line_1_11' title="bbox 181 973 743 1050; baseline -0.004 -16"><span class='ocrx_word' id='word_1_54' title='bbox 181 974 287 1034; x_wconf 89' lang='lat' dir='ltr'><strong>Senive</strong></span> <span class='ocrx_word' id='word_1_55' title='bbox 301 973 403 1044; x_wconf 83' lang='lat' dir='ltr'><strong>fasces,</strong></span> <span class='ocrx_word' id='word_1_56' title='bbox 418 994 472 1033; x_wconf 88' lang='lat' dir='ltr'><strong>nec</strong></span> <span class='ocrx_word' id='word_1_57' title='bbox 486 977 611 1050; x_wconf 89' lang='lat' dir='ltr'><strong>superba</strong></span> <span class='ocrx_word' id='word_1_58' title='bbox 624 975 743 1033; x_wconf 87' lang='lat' dir='ltr'><strong>clamosi</strong></span> 
     </span>
    </p>

    <p class='ocr_par' dir='ltr' id='par_1_12' title="bbox 177 1055 708 1130">
     <span class='ocr_line' id='line_1_12' title="bbox 177 1055 708 1130; baseline 0.002 -18"><span class='ocrx_word' id='word_1_59' title='bbox 177 1055 304 1113; x_wconf 82' lang='lat' dir='ltr'><strong>Lictoris</strong></span> <span class='ocrx_word' id='word_1_60' title='bbox 317 1056 416 1130; x_wconf 83' lang='lat' dir='ltr'><strong>abiget</strong></span> <span class='ocrx_word' id='word_1_61' title='bbox 429 1056 514 1129; x_wconf 83' lang='lat' dir='ltr'><strong>virga</strong></span> <span class='ocrx_word' id='word_1_62' title='bbox 526 1056 708 1113; x_wconf 86' lang='lat' dir='ltr'><strong>basiatorem.</strong></span> 
     </span>
    </p>

    <p class='ocr_par' dir='ltr' id='par_1_13' title="bbox 180 1135 688 1194">
     <span class='ocr_line' id='line_1_13' title="bbox 180 1135 688 1194; baseline -0.006 0"><span class='ocrx_word' id='word_1_63' title='bbox 180 1135 288 1194; x_wconf 83' lang='lat' dir='ltr'><strong>Sedeas</strong></span> <span class='ocrx_word' id='word_1_64' title='bbox 302 1136 333 1191; x_wconf 92' lang='lat' dir='ltr'><strong>in</strong></span> <span class='ocrx_word' id='word_1_65' title='bbox 345 1136 405 1192; x_wconf 91' lang='lat' dir='ltr'><strong>alto</strong></span> <span class='ocrx_word' id='word_1_66' title='bbox 419 1142 452 1191; x_wconf 91' lang='lat' dir='ltr'><strong>tu</strong></span> <span class='ocrx_word' id='word_1_67' title='bbox 465 1135 535 1192; x_wconf 88' lang='lat' dir='ltr'><strong>licet</strong></span> <span class='ocrx_word' id='word_1_68' title='bbox 549 1135 688 1192; x_wconf 89' lang='lat' dir='ltr'><strong>tribunali</strong></span> 
     </span>
    </p>

    <p class='ocr_par' dir='ltr' id='par_1_14' title="bbox 91 1214 711 1290">
     <span class='ocr_line' id='line_1_14' title="bbox 91 1214 711 1290; baseline 0 -19"><span class='ocrx_word' id='word_1_69' title='bbox 91 1247 94 1256; x_wconf 88' lang='lat'><strong>.</strong></span> <span class='ocrx_word' id='word_1_70' title='bbox 178 1214 219 1272; x_wconf 87' lang='lat' dir='ltr'><strong>Et</strong></span> <span class='ocrx_word' id='word_1_71' title='bbox 233 1234 249 1271; x_wconf 94' lang='lat' dir='ltr'><strong>e</strong></span> <span class='ocrx_word' id='word_1_72' title='bbox 263 1215 357 1271; x_wconf 91' lang='lat' dir='ltr'><strong>curuli</strong></span> <span class='ocrx_word' id='word_1_73' title='bbox 371 1215 435 1271; x_wconf 88' lang='lat' dir='ltr'><strong>iura</strong></span> <span class='ocrx_word' id='word_1_74' title='bbox 448 1215 585 1290; x_wconf 86' lang='lat' dir='ltr'><strong>gentibus</strong></span> <span class='ocrx_word' id='word_1_75' title='bbox 598 1215 711 1285; x_wconf 90' lang='lat' dir='ltr'><strong>reddas,</strong></span> 
     </span>
    </p>

    <p class='ocr_par' dir='ltr' id='par_1_15' title="bbox 177 1294 707 1368">
     <span class='ocr_line' id='line_1_15' title="bbox 177 1294 707 1368; baseline -0.002 -17"><span class='ocrx_word' id='word_1_76' title='bbox 177 1295 328 1351; x_wconf 79' lang='lat' dir='ltr'><strong>Ascendet</strong></span> <span class='ocrx_word' id='word_1_77' title='bbox 341 1295 392 1351; x_wconf 91' lang='lat' dir='ltr'><strong>illa</strong></span> <span class='ocrx_word' id='word_1_78' title='bbox 405 1295 533 1352; x_wconf 86' lang='lat' dir='ltr'><strong>basiator</strong></span> <span class='ocrx_word' id='word_1_79' title='bbox 546 1303 635 1368; x_wconf 88' lang='lat' dir='ltr'><strong>atque</strong></span> <span class='ocrx_word' id='word_1_80' title='bbox 648 1294 707 1363; x_wconf 85' lang='lat' dir='ltr'><strong>illa,</strong></span> 
     </span>
    </p>

    <p class='ocr_par' dir='ltr' id='par_1_16' title="bbox 159 1374 1081 1608">
     <span class='ocr_line' id='line_1_16' title="bbox 178 1374 1081 1444; baseline 0 -13"><span class='ocrx_word' id='word_1_81' title='bbox 178 1374 404 1431; x_wconf 84' lang='lat' dir='ltr'><strong>Febricitantem</strong></span> <span class='ocrx_word' id='word_1_82' title='bbox 417 1375 541 1431; x_wconf 88' lang='lat' dir='ltr'><strong>basiabit</strong></span> <span class='ocrx_word' id='word_1_83' title='bbox 554 1381 585 1431; x_wconf 95' lang='lat' dir='ltr'><strong>et</strong></span> <span class='ocrx_word' id='word_1_84' title='bbox 597 1374 724 1444; x_wconf 87' lang='lat' dir='ltr'><strong>flentem,</strong></span> <span class='ocrx_word' id='word_1_85' title='bbox 1048 1385 1081 1431; x_wconf 81' lang='lat'><strong>2⁰</strong></span> 
     </span>
     <span class='ocr_line' id='line_1_17' title="bbox 159 1453 1078 1524; baseline 0 -14"><span class='ocrx_word' id='word_1_86' title='bbox 159 1454 218 1510; x_wconf 76' lang='lat' dir='ltr'><strong>*Et</strong></span> <span class='ocrx_word' id='word_1_87' title='bbox 231 1455 411 1510; x_wconf 91' lang='lat' dir='ltr'><strong>oscitantem.</strong></span> <span class='ocrx_word' id='word_1_88' title='bbox 452 1453 625 1511; x_wconf 86' lang='lat' dir='ltr'><strong>Remedium</strong></span> <span class='ocrx_word' id='word_1_89' title='bbox 638 1454 708 1511; x_wconf 86' lang='lat' dir='ltr'><strong>mali</strong></span> <span class='ocrx_word' id='word_1_90' title='bbox 721 1453 815 1510; x_wconf 91' lang='lat' dir='ltr'><strong>solum</strong></span> <span class='ocrx_word' id='word_1_91' title='bbox 827 1461 881 1524; x_wconf 91' lang='lat' dir='ltr'><strong>est,</strong></span> <span class='ocrx_word' id='word_1_92' title='bbox 1045 1466 1078 1510; x_wconf 80' lang='lat'><strong>22</strong></span> 
     </span>
     <span class='ocr_line' id='line_1_18' title="bbox 178 1533 744 1608; baseline 0.002 -19"><span class='ocrx_word' id='word_1_93' title='bbox 178 1533 280 1590; x_wconf 85' lang='lat' dir='ltr'><strong>Facias</strong></span> <span class='ocrx_word' id='word_1_94' title='bbox 294 1533 420 1590; x_wconf 91' lang='lat' dir='ltr'><strong>amicum</strong></span> <span class='ocrx_word' id='word_1_95' title='bbox 433 1534 546 1590; x_wconf 88' lang='lat' dir='ltr'><strong>basiare</strong></span> <span class='ocrx_word' id='word_1_96' title='bbox 560 1553 646 1608; x_wconf 90' lang='lat' dir='ltr'><strong>quem</strong></span> <span class='ocrx_word' id='word_1_97' title='bbox 660 1533 744 1590; x_wconf 92' lang='lat' dir='ltr'><strong>nolis.</strong></span> 
     </span>
    </p>
   </div>
   <div class='ocr_carea' id='block_1_3' title="bbox 139 1669 1080 1903">
    <p class='ocr_par' dir='ltr' id='par_1_17' title="bbox 139 1669 1080 1903">
     <span class='ocr_line' id='line_1_19' title="bbox 167 1669 1079 1730; baseline -0.001 -14"><span class='ocrx_word' id='word_1_98' title='bbox 167 1670 188 1716; x_wconf 87' lang='lat'><strong>6.</strong></span> <span class='ocrx_word' id='word_1_99' title='bbox 202 1671 288 1729; x_wconf 82' lang='lat' dir='ltr'><strong>ceroto]</strong></span> <span class='ocrx_word' id='word_1_100' title='bbox 303 1669 517 1730; x_wconf 73' lang='lat' dir='ltr'><strong>bip-solra-yutla</strong></span> <span class='ocrx_word' id='word_1_101' title='bbox 531 1672 591 1724; x_wconf 78' lang='lat' dir='ltr'><strong>nasi,</strong></span> <span class='ocrx_word' id='word_1_102' title='bbox 621 1669 670 1715; x_wconf 79' lang='lat'><strong>516.</strong></span> <span class='ocrx_word' id='word_1_103' title='bbox 683 1669 840 1729; x_wconf 69' lang='lat' dir='ltr'><strong>7.-saeps&#39;cr</strong></span> <span class='ocrx_word' id='word_1_104' title='bbox 863 1669 930 1725; x_wconf 81' lang='lat' dir='ltr'><strong>elusa,</strong></span> <span class='ocrx_word' id='word_1_105' title='bbox 955 1670 1013 1716; x_wconf 81' lang='lat' dir='ltr'><strong>witb</strong></span> <span class='ocrx_word' id='word_1_106' title='bbox 1039 1671 1079 1716; x_wconf 80' lang='lat' dir='ltr'><strong>the</strong></span> 
     </span>
     <span class='ocr_line' id='line_1_20' title="bbox 139 1726 1078 1789; baseline -0.002 -13"><span class='ocrx_word' id='word_1_107' title='bbox 139 1727 274 1789; x_wconf 54' lang='grc'><strong>13113415.</strong></span> <span class='ocrx_word' id='word_1_108' title='bbox 621 1729 717 1773; x_wconf 82' lang='lat' dir='ltr'><strong>window</strong></span> <span class='ocrx_word' id='word_1_109' title='bbox 730 1743 756 1773; x_wconf 91' lang='lat' dir='ltr'><strong>or</strong></span> <span class='ocrx_word' id='word_1_110' title='bbox 769 1731 856 1774; x_wconf 72' lang='lat' dir='ltr'><strong>cur-rain</strong></span> <span class='ocrx_word' id='word_1_111' title='bbox 870 1726 984 1788; x_wconf 77' lang='lat' dir='ltr'><strong>generally</strong></span> <span class='ocrx_word' id='word_1_112' title='bbox 993 1727 1078 1774; x_wconf 81' lang='lat' dir='ltr'><strong>closed.</strong></span> 
     </span>
     <span class='ocr_line' id='line_1_21' title="bbox 167 1785 1079 1845; baseline 0 -13"><span class='ocrx_word' id='word_1_113' title='bbox 167 1788 188 1833; x_wconf 88' lang='grc'><strong>9.</strong></span> <span class='ocrx_word' id='word_1_114' title='bbox 199 1787 358 1845; x_wconf 72' lang='lat' dir='ltr'><strong>reservantem]</strong></span> <span class='ocrx_word' id='word_1_115' title='bbox 374 1787 450 1832; x_wconf 84' lang='lat' dir='ltr'><strong>Wben</strong></span> <span class='ocrx_word' id='word_1_116' title='bbox 466 1801 511 1844; x_wconf 88' lang='lat' dir='ltr'><strong>you</strong></span> <span class='ocrx_word' id='word_1_117' title='bbox 521 1787 594 1845; x_wconf 86' lang='lat' dir='ltr'><strong>prefer</strong></span> <span class='ocrx_word' id='word_1_118' title='bbox 621 1786 670 1832; x_wconf 80' lang='lat' dir='ltr'><strong>‘ibe</strong></span> <span class='ocrx_word' id='word_1_119' title='bbox 687 1785 792 1840; x_wconf 79' lang='lat' dir='ltr'><strong>allusion,</strong></span> <span class='ocrx_word' id='word_1_120' title='bbox 802 1803 826 1831; x_wconf 84' lang='lat' dir='ltr'><strong>as</strong></span> <span class='ocrx_word' id='word_1_121' title='bbox 844 1788 868 1832; x_wconf 92' lang='lat' dir='ltr'><strong>in</strong></span> <span class='ocrx_word' id='word_1_122' title='bbox 882 1786 921 1832; x_wconf 89' lang='lat' dir='ltr'><strong>the</strong></span> <span class='ocrx_word' id='word_1_123' title='bbox 935 1793 992 1831; x_wconf 84' lang='lat' dir='ltr'><strong>next</strong></span> <span class='ocrx_word' id='word_1_124' title='bbox 1004 1801 1079 1841; x_wconf 74' lang='lat' dir='ltr'><strong>versa,</strong></span> 
     </span>
     <span class='ocr_line' id='line_1_22' title="bbox 139 1844 1080 1903; baseline 0 -13"><span class='ocrx_word' id='word_1_125' title='bbox 139 1853 163 1890; x_wconf 81' lang='lat' dir='ltr'><strong>to</strong></span> <span class='ocrx_word' id='word_1_126' title='bbox 172 1860 259 1891; x_wconf 85' lang='lat' dir='ltr'><strong>reservo</strong></span> <span class='ocrx_word' id='word_1_127' title='bbox 269 1847 288 1890; x_wconf 86' lang='lat' dir='ltr'><strong>it</strong></span> <span class='ocrx_word' id='word_1_128' title='bbox 299 1845 334 1889; x_wconf 80' lang='lat' dir='ltr'><strong>for</strong></span> <span class='ocrx_word' id='word_1_129' title='bbox 343 1858 400 1903; x_wconf 84' lang='lat' dir='ltr'><strong>your</strong></span> <span class='ocrx_word' id='word_1_130' title='bbox 410 1845 469 1901; x_wconf 84' lang='lat' dir='ltr'><strong>wisc,</strong></span> <span class='ocrx_word' id='word_1_131' title='bbox 486 1851 509 1890; x_wconf 88' lang='lat' dir='ltr'><strong>to</strong></span> <span class='ocrx_word' id='word_1_132' title='bbox 519 1845 593 1890; x_wconf 82' lang='lat' dir='ltr'><strong>whom</strong></span> <span class='ocrx_word' id='word_1_133' title='bbox 621 1845 642 1889; x_wconf 89' lang='lat' dir='ltr'><strong>is</strong></span> <span class='ocrx_word' id='word_1_134' title='bbox 652 1851 675 1889; x_wconf 85' lang='lat' dir='ltr'><strong>to</strong></span> <span class='ocrx_word' id='word_1_135' title='bbox 686 1844 725 1889; x_wconf 85' lang='lat' dir='ltr'><strong>tbe</strong></span> <span class='ocrx_word' id='word_1_136' title='bbox 738 1858 868 1903; x_wconf 87' lang='lat' dir='ltr'><strong>annoyance</strong></span> <span class='ocrx_word' id='word_1_137' title='bbox 882 1844 962 1890; x_wconf 82' lang='lat' dir='ltr'><strong>caused</strong></span> <span class='ocrx_word' id='word_1_138' title='bbox 975 1845 1005 1903; x_wconf 93' lang='lat' dir='ltr'><strong>by</strong></span> <span class='ocrx_word' id='word_1_139' title='bbox 1015 1859 1080 1890; x_wconf 90' lang='lat' dir='ltr'><strong>mus·</strong></span> 
     </span>
    </p>
   </div>
   <div class='ocr_carea' id='block_1_4' title="bbox 138 1903 1079 2019">
    <p class='ocr_par' dir='ltr' id='par_1_18' title="bbox 138 1903 1079 2019">
     <span class='ocr_line' id='line_1_23' title="bbox 138 1903 704 2005; baseline -0.004 -57"><span class='ocrx_word' id='word_1_140' title='bbox 138 1904 361 2005; x_wconf 66' lang='lat' dir='ltr'><strong>youareraturniny.</strong></span> <span class='ocrx_word' id='word_1_141' title='bbox 415 1931 417 1937; x_wconf 91' lang='lat'>·</span> <span class='ocrx_word' id='word_1_142' title='bbox 623 1903 704 1961; x_wconf 89' lang='lat' dir='ltr'><strong>quitos.</strong></span> 
     </span>
     <span class='ocr_line' id='line_1_24' title="bbox 168 1958 1079 2019; baseline 0.001 -14"><span class='ocrx_word' id='word_1_143' title='bbox 168 1960 202 2006; x_wconf 88' lang='lat'><strong>10.</strong></span> <span class='ocrx_word' id='word_1_144' title='bbox 218 1960 318 2018; x_wconf 70' lang='lat' dir='ltr'><strong>cucata]</strong></span> <span class='ocrx_word' id='word_1_145' title='bbox 352 1960 381 2005; x_wconf 89' lang='lat' dir='ltr'><strong>he</strong></span> <span class='ocrx_word' id='word_1_146' title='bbox 395 1959 458 2016; x_wconf 81' lang='lat' dir='ltr'><strong>cowl,</strong></span> <span class='ocrx_word' id='word_1_147' title='bbox 474 1959 504 2018; x_wconf 89' lang='lat' dir='ltr'><strong>by</strong></span> <span class='ocrx_word' id='word_1_148' title='bbox 517 1958 591 2004; x_wconf 77' lang='lat' dir='ltr'><strong>wbicb</strong></span> <span class='ocrx_word' id='word_1_149' title='bbox 651 1959 685 2004; x_wconf 81' lang='lat'><strong>15.</strong></span> <span class='ocrx_word' id='word_1_150' title='bbox 709 1961 757 2004; x_wconf 80' lang='lat' dir='ltr'><strong>sessi</strong></span> <span class='ocrx_word' id='word_1_151' title='bbox 769 1959 859 2019; x_wconf 66' lang='lat' dir='ltr'><strong>famer]</strong></span> <span class='ocrx_word' id='word_1_152' title='bbox 884 1959 933 2005; x_wconf 89' lang='lat' dir='ltr'><strong>The</strong></span> <span class='ocrx_word' id='word_1_153' title='bbox 952 1961 988 2004; x_wconf 84' lang='lat' dir='ltr'><strong>six</strong></span> <span class='ocrx_word' id='word_1_154' title='bbox 1006 1960 1079 2006; x_wconf 81' lang='lat' dir='ltr'><strong>fasces</strong></span> 
     </span>
    </p>
   </div>
   <div class='ocr_carea' id='block_1_5' title="bbox 138 2013 1079 2480">
    <p class='ocr_par' dir='ltr' id='par_1_19' title="bbox 153 2013 916 2077">
     <span class='ocr_line' id='line_1_25' title="bbox 153 2013 916 2077; baseline -0.001 -14"><span class='ocrx_word' id='word_1_155' title='bbox 153 2034 182 2063; x_wconf 92' lang='lat' dir='ltr'><strong>ou</strong></span> <span class='ocrx_word' id='word_1_156' title='bbox 201 2018 263 2064; x_wconf 80' lang='lat' dir='ltr'><strong>rainl</strong></span> <span class='ocrx_word' id='word_1_157' title='bbox 295 2013 330 2076; x_wconf 80' lang='lat' dir='ltr'><strong>try</strong></span> <span class='ocrx_word' id='word_1_158' title='bbox 350 2025 373 2063; x_wconf 84' lang='lat' dir='ltr'><strong>to</strong></span> <span class='ocrx_word' id='word_1_159' title='bbox 391 2018 443 2063; x_wconf 91' lang='lat' dir='ltr'><strong>hide</strong></span> <span class='ocrx_word' id='word_1_160' title='bbox 464 2031 520 2076; x_wconf 83' lang='lat' dir='ltr'><strong>your</strong></span> <span class='ocrx_word' id='word_1_161' title='bbox 535 2016 590 2062; x_wconf 84' lang='lat' dir='ltr'><strong>sace.</strong></span> <span class='ocrx_word' id='word_1_162' title='bbox 621 2017 916 2077; x_wconf 64' lang='lat' dir='ltr'><strong>cmfiedbefomapraetor.</strong></span> 
     </span>
    </p>

    <p class='ocr_par' dir='ltr' id='par_1_20' title="bbox 138 2034 1079 2480">
     <span class='ocr_line' id='line_1_26' title="bbox 138 2034 1079 2132; baseline -0.001 -12"><span class='ocrx_word' id='word_1_163' title='bbox 138 2034 241 2122; x_wconf 62' lang='lat' dir='ltr'><strong>baras.</strong></span> <span class='ocrx_word' id='word_1_164' title='bbox 271 2078 484 2130; x_wconf 80' lang='lat' dir='ltr'><strong>.-osserat,sc.‘ta</strong></span> <span class='ocrx_word' id='word_1_165' title='bbox 499 2074 591 2130; x_wconf 87' lang='lat' dir='ltr'><strong>abillo,</strong></span> <span class='ocrx_word' id='word_1_166' title='bbox 649 2073 685 2119; x_wconf 80' lang='lat'><strong>23.</strong></span> <span class='ocrx_word' id='word_1_167' title='bbox 699 2074 779 2132; x_wconf 81' lang='lat' dir='ltr'><strong>facias</strong></span> <span class='ocrx_word' id='word_1_168' title='bbox 795 2075 900 2132; x_wconf 69' lang='lat' dir='ltr'><strong>anacam]</strong></span> <span class='ocrx_word' id='word_1_169' title='bbox 924 2073 1009 2120; x_wconf 84' lang='lat' dir='ltr'><strong>‘Maka</strong></span> <span class='ocrx_word' id='word_1_170' title='bbox 1027 2075 1079 2120; x_wconf 86' lang='lat' dir='ltr'><strong>tbat</strong></span> 
     </span>
     <span class='ocr_line' id='line_1_27' title="bbox 138 2131 1079 2191; baseline -0.001 -12"><span class='ocrx_word' id='word_1_171' title='bbox 138 2131 486 2188; x_wconf 79' lang='lat' dir='ltr'><strong>liberabit,tetibivindieabit.&#39;</strong></span> <span class='ocrx_word' id='word_1_172' title='bbox 621 2147 674 2178; x_wconf 85' lang='lat' dir='ltr'><strong>man</strong></span> <span class='ocrx_word' id='word_1_173' title='bbox 698 2147 754 2191; x_wconf 89' lang='lat' dir='ltr'><strong>your</strong></span> <span class='ocrx_word' id='word_1_174' title='bbox 777 2133 851 2179; x_wconf 83' lang='lat' dir='ltr'><strong>friend</strong></span> <span class='ocrx_word' id='word_1_175' title='bbox 870 2133 920 2178; x_wconf 81' lang='lat' dir='ltr'><strong>wbo</strong></span> <span class='ocrx_word' id='word_1_176' title='bbox 947 2147 992 2190; x_wconf 88' lang='lat' dir='ltr'><strong>you</strong></span> <span class='ocrx_word' id='word_1_177' title='bbox 1011 2133 1079 2178; x_wconf 79' lang='lat' dir='ltr'><strong>don&#39;t</strong></span> 
     </span>
     <span class='ocr_line' id='line_1_28' title="bbox 153 2189 1078 2250; baseline 0.001 -15"><span class='ocrx_word' id='word_1_178' title='bbox 153 2190 201 2236; x_wconf 92' lang='grc'><strong>·11.</strong></span> <span class='ocrx_word' id='word_1_179' title='bbox 222 2191 279 2250; x_wconf 73' lang='lat' dir='ltr'><strong>pelle</strong></span> <span class='ocrx_word' id='word_1_180' title='bbox 305 2189 401 2250; x_wconf 68' lang='lat' dir='ltr'><strong>vebque]</strong></span> <span class='ocrx_word' id='word_1_181' title='bbox 428 2189 493 2236; x_wconf 78' lang='lat' dir='ltr'><strong>With</strong></span> <span class='ocrx_word' id='word_1_182' title='bbox 523 2205 592 2250; x_wconf 87' lang='lat' dir='ltr'><strong>aprou</strong></span> <span class='ocrx_word' id='word_1_183' title='bbox 621 2190 678 2236; x_wconf 86' lang='lat' dir='ltr'><strong>wisb</strong></span> <span class='ocrx_word' id='word_1_184' title='bbox 697 2190 778 2236; x_wconf 90' lang='lat' dir='ltr'><strong>should</strong></span> <span class='ocrx_word' id='word_1_185' title='bbox 797 2192 844 2236; x_wconf 85' lang='lat' dir='ltr'><strong>kias</strong></span> <span class='ocrx_word' id='word_1_186' title='bbox 861 2190 920 2249; x_wconf 84' lang='lat' dir='ltr'><strong>you,&#39;</strong></span> <span class='ocrx_word' id='word_1_187' title='bbox 935 2190 978 2236; x_wconf 78' lang='lat' dir='ltr'><strong>ie.</strong></span> <span class='ocrx_word' id='word_1_188' title='bbox 996 2190 1033 2235; x_wconf 81' lang='lat' dir='ltr'><strong>ior</strong></span> <span class='ocrx_word' id='word_1_189' title='bbox 1053 2192 1078 2236; x_wconf 91' lang='lat' dir='ltr'><strong>in</strong></span> 
     </span>
     <span class='ocr_line' id='line_1_29' title="bbox 138 2247 1077 2350; baseline 0 -57"><span class='ocrx_word' id='word_1_190' title='bbox 138 2249 177 2350; x_wconf 53' lang='lat' dir='ltr'><strong>Sor</strong></span> <span class='ocrx_word' id='word_1_191' title='bbox 191 2249 259 2306; x_wconf 89' lang='lat' dir='ltr'><strong>head)</strong></span> <span class='ocrx_word' id='word_1_192' title='bbox 279 2250 322 2294; x_wconf 88' lang='lat' dir='ltr'><strong>and</strong></span> <span class='ocrx_word' id='word_1_193' title='bbox 342 2249 448 2296; x_wconf 76' lang='lat' dir='ltr'><strong>cur-taius.</strong></span> <span class='ocrx_word' id='word_1_194' title='bbox 484 2247 528 2293; x_wconf 86' lang='lat' dir='ltr'><strong>See</strong></span> <span class='ocrx_word' id='word_1_195' title='bbox 548 2247 591 2306; x_wconf 87' lang='lat' dir='ltr'><strong>Ep.</strong></span> <span class='ocrx_word' id='word_1_196' title='bbox 622 2249 670 2294; x_wconf 78' lang='lat' dir='ltr'><strong>ibat</strong></span> <span class='ocrx_word' id='word_1_197' title='bbox 686 2263 743 2304; x_wconf 88' lang='lat' dir='ltr'><strong>case,</strong></span> <span class='ocrx_word' id='word_1_198' title='bbox 757 2249 778 2294; x_wconf 83' lang='lat' dir='ltr'><strong>if</strong></span> <span class='ocrx_word' id='word_1_199' title='bbox 789 2247 882 2307; x_wconf 80' lang='lat' dir='ltr'><strong>reallya</strong></span> <span class='ocrx_word' id='word_1_200' title='bbox 895 2247 1077 2302; x_wconf 77' lang='lat' dir='ltr'><strong>friend,bewill</strong></span> 
     </span>
     <span class='ocr_line' id='line_1_30' title="bbox 154 2305 1078 2365; baseline -0.001 -14"><span class='ocrx_word' id='word_1_201' title='bbox 154 2306 173 2352; x_wconf 89' lang='grc'><strong>1.</strong></span> <span class='ocrx_word' id='word_1_202' title='bbox 190 2306 212 2362; x_wconf 87' lang='grc'><strong>6,</strong></span> <span class='ocrx_word' id='word_1_203' title='bbox 232 2309 323 2353; x_wconf 87' lang='lat' dir='ltr'><strong>‘recens</strong></span> <span class='ocrx_word' id='word_1_204' title='bbox 339 2321 367 2352; x_wconf 90' lang='lat' dir='ltr'><strong>ue</strong></span> <span class='ocrx_word' id='word_1_205' title='bbox 390 2306 447 2353; x_wconf 86' lang='lat' dir='ltr'><strong>sella</strong></span> <span class='ocrx_word' id='word_1_206' title='bbox 470 2305 549 2351; x_wconf 84' lang='lat' dir='ltr'><strong>linteis</strong></span> <span class='ocrx_word' id='word_1_207' title='bbox 564 2321 593 2352; x_wconf 89' lang='lat' dir='ltr'><strong>ue</strong></span> <span class='ocrx_word' id='word_1_208' title='bbox 622 2313 668 2351; x_wconf 87' lang='lat' dir='ltr'><strong>not.</strong></span> <span class='ocrx_word' id='word_1_209' title='bbox 710 2306 748 2352; x_wconf 87' lang='lat' dir='ltr'><strong>He</strong></span> <span class='ocrx_word' id='word_1_210' title='bbox 773 2305 894 2364; x_wconf 73' lang='lat' dir='ltr'><strong>muricolly</strong></span> <span class='ocrx_word' id='word_1_211' title='bbox 913 2306 1004 2365; x_wconf 85' lang='lat' dir='ltr'><strong>implies</strong></span> <span class='ocrx_word' id='word_1_212' title='bbox 1027 2306 1078 2351; x_wconf 74' lang='lat' dir='ltr'><strong>ibat</strong></span> 
     </span>
     <span class='ocr_line' id='line_1_31' title="bbox 138 2321 1078 2432; baseline 0 -22"><span class='ocrx_word' id='word_1_213' title='bbox 138 2363 252 2423; x_wconf 63' lang='lat' dir='ltr'><strong>lorisque?</strong></span> <span class='ocrx_word' id='word_1_214' title='bbox 282 2321 377 2420; x_wconf 76' lang='lat' dir='ltr'><strong>Becirer,</strong></span> <span class='ocrx_word' id='word_1_215' title='bbox 387 2363 475 2432; x_wconf 83' lang='lat' dir='ltr'><strong>Gallus,</strong></span> <span class='ocrx_word' id='word_1_216' title='bbox 502 2321 569 2408; x_wconf 53' lang='lat' dir='ltr'><strong>dil</strong></span> <span class='ocrx_word' id='word_1_217' title='bbox 623 2363 686 2409; x_wconf 85' lang='lat' dir='ltr'><strong>those</strong></span> <span class='ocrx_word' id='word_1_218' title='bbox 709 2365 760 2409; x_wconf 81' lang='lat' dir='ltr'><strong>wbo</strong></span> <span class='ocrx_word' id='word_1_219' title='bbox 779 2364 826 2409; x_wconf 80' lang='lat' dir='ltr'><strong>kiss</strong></span> <span class='ocrx_word' id='word_1_220' title='bbox 865 2379 894 2409; x_wconf 92' lang='lat' dir='ltr'><strong>ou</strong></span> <span class='ocrx_word' id='word_1_221' title='bbox 910 2378 947 2410; x_wconf 72' lang='lat' dir='ltr'><strong>ara</strong></span> <span class='ocrx_word' id='word_1_222' title='bbox 966 2370 1009 2409; x_wconf 89' lang='lat' dir='ltr'><strong>not</strong></span> <span class='ocrx_word' id='word_1_223' title='bbox 1029 2363 1078 2410; x_wconf 75' lang='lat' dir='ltr'><strong>real</strong></span> 
     </span>
     <span class='ocr_line' id='line_1_32' title="bbox 167 2379 1017 2480; baseline 0 -13"><span class='ocrx_word' id='word_1_224' title='bbox 167 2421 201 2469; x_wconf 87' lang='lat'><strong>12.</strong></span> <span class='ocrx_word' id='word_1_225' title='bbox 216 2422 283 2480; x_wconf 79' lang='lat' dir='ltr'><strong>relic]</strong></span> <span class='ocrx_word' id='word_1_226' title='bbox 299 2421 454 2468; x_wconf 74' lang='lat' dir='ltr'><strong>Sedes-chau.</strong></span> <span class='ocrx_word' id='word_1_227' title='bbox 486 2379 531 2468; x_wconf 65' lang='lat' dir='ltr'><strong>bea</strong></span> <span class='ocrx_word' id='word_1_228' title='bbox 550 2420 591 2480; x_wconf 81' lang='lat' dir='ltr'><strong>Ep.</strong></span> <span class='ocrx_word' id='word_1_229' title='bbox 621 2422 714 2478; x_wconf 73' lang='lat' dir='ltr'><strong>incude,</strong></span> <span class='ocrx_word' id='word_1_230' title='bbox 723 2423 764 2468; x_wconf 84' lang='lat' dir='ltr'><strong>but</strong></span> <span class='ocrx_word' id='word_1_231' title='bbox 773 2437 835 2468; x_wconf 84' lang='lat' dir='ltr'><strong>mere</strong></span> <span class='ocrx_word' id='word_1_232' title='bbox 844 2379 959 2467; x_wconf 69' lang='lat' dir='ltr'><strong>iatronem.</strong></span> <span class='ocrx_word' id='word_1_233' title='bbox 1014 2465 1017 2472; x_wconf 87' lang='grc'>,</span> 
     </span>
    </p>
   </div>
   <div class='ocr_carea' id='block_1_6' title="bbox 446 2642 766 2719">
    <p class='ocr_par' dir='ltr' id='par_1_21' title="bbox 446 2642 766 2719">
     <span class='ocr_line' id='line_1_33' title="bbox 446 2642 766 2719; baseline -0.003 -18"><span class='ocrx_word' id='word_1_234' title='bbox 446 2642 766 2719; x_wconf 50' lang='lat' dir='ltr'><strong>mmmm</strong></span> 
     </span>
    </p>
   </div>
   <div class='ocr_carea' id='block_1_7' title="bbox 289 2767 921 2830">
    <p class='ocr_par' dir='ltr' id='par_1_22' title="bbox 289 2767 921 2830">
     <span class='ocr_line' id='line_1_34' title="bbox 289 2767 921 2830; baseline -0.003 -14"><span class='ocrx_word' id='word_1_235' title='bbox 289 2770 326 2817; x_wconf 89' lang='lat' dir='ltr'><strong>On</strong></span> <span class='ocrx_word' id='word_1_236' title='bbox 336 2777 432 2830; x_wconf 84' lang='lat' dir='ltr'><strong>apretty</strong></span> <span class='ocrx_word' id='word_1_237' title='bbox 441 2769 484 2829; x_wconf 73' lang='lat' dir='ltr'><strong>girl</strong></span> <span class='ocrx_word' id='word_1_238' title='bbox 494 2770 549 2816; x_wconf 82' lang='lat' dir='ltr'><strong>with</strong></span> <span class='ocrx_word' id='word_1_239' title='bbox 559 2785 573 2815; x_wconf 80' lang='lat' dir='ltr'><strong>a</strong></span> <span class='ocrx_word' id='word_1_240' title='bbox 583 2771 649 2818; x_wconf 85' lang='lat' dir='ltr'><strong>barsb</strong></span> <span class='ocrx_word' id='word_1_241' title='bbox 660 2771 703 2816; x_wconf 85' lang='lat' dir='ltr'><strong>sud</strong></span> <span class='ocrx_word' id='word_1_242' title='bbox 712 2767 843 2829; x_wconf 74' lang='lat' dir='ltr'><strong>unpleasing</strong></span> <span class='ocrx_word' id='word_1_243' title='bbox 850 2769 921 2815; x_wconf 82' lang='lat' dir='ltr'><strong>voice.</strong></span> 
     </span>
    </p>
   </div>
   <div class='ocr_carea' id='block_1_8' title="bbox 176 2883 876 3194">
    <p class='ocr_par' dir='ltr' id='par_1_23' title="bbox 176 2883 876 3194">
     <span class='ocr_line' id='line_1_35' title="bbox 177 2883 876 2958; baseline -0.003 -16"><span class='ocrx_word' id='word_1_244' title='bbox 177 2883 247 2942; x_wconf 86' lang='lat' dir='ltr'><strong>Non</strong></span> <span class='ocrx_word' id='word_1_245' title='bbox 260 2891 305 2941; x_wconf 90' lang='lat' dir='ltr'><strong>est</strong></span> <span class='ocrx_word' id='word_1_246' title='bbox 317 2884 468 2953; x_wconf 89' lang='lat' dir='ltr'><strong>mentitus,</strong></span> <span class='ocrx_word' id='word_1_247' title='bbox 484 2884 534 2958; x_wconf 90' lang='lat' dir='ltr'><strong>qui</strong></span> <span class='ocrx_word' id='word_1_248' title='bbox 549 2890 579 2940; x_wconf 88' lang='lat' dir='ltr'><strong>te</strong></span> <span class='ocrx_word' id='word_1_249' title='bbox 592 2884 664 2940; x_wconf 91' lang='lat' dir='ltr'><strong>mihi</strong></span> <span class='ocrx_word' id='word_1_250' title='bbox 679 2883 756 2941; x_wconf 88' lang='lat' dir='ltr'><strong>dixit</strong></span> <span class='ocrx_word' id='word_1_251' title='bbox 769 2883 876 2940; x_wconf 89' lang='lat' dir='ltr'><strong>habere</strong></span> 
     </span>
     <span class='ocr_line' id='line_1_36' title="bbox 217 2961 846 3038; baseline -0.002 -17"><span class='ocrx_word' id='word_1_252' title='bbox 217 2963 387 3021; x_wconf 87' lang='lat' dir='ltr'><strong>Formosam</strong></span> <span class='ocrx_word' id='word_1_253' title='bbox 401 2982 525 3034; x_wconf 88' lang='lat' dir='ltr'><strong>carnem,</strong></span> <span class='ocrx_word' id='word_1_254' title='bbox 542 2963 646 3038; x_wconf 92' lang='lat' dir='ltr'><strong>Lydia,</strong></span> <span class='ocrx_word' id='word_1_255' title='bbox 662 2982 720 3020; x_wconf 91' lang='lat' dir='ltr'><strong>non</strong></span> <span class='ocrx_word' id='word_1_256' title='bbox 734 2961 846 3020; x_wconf 81' lang='lat' dir='ltr'><strong>faciem.</strong></span> 
     </span>
     <span class='ocr_line' id='line_1_37' title="bbox 176 3043 874 3113; baseline -0.004 -12"><span class='ocrx_word' id='word_1_257' title='bbox 176 3043 234 3101; x_wconf 87' lang='lat' dir='ltr'><strong>Est</strong></span> <span class='ocrx_word' id='word_1_258' title='bbox 247 3045 297 3113; x_wconf 89' lang='lat' dir='ltr'><strong>ita,</strong></span> <span class='ocrx_word' id='word_1_259' title='bbox 313 3043 337 3100; x_wconf 92' lang='lat' dir='ltr'><strong>si</strong></span> <span class='ocrx_word' id='word_1_260' title='bbox 352 3049 448 3100; x_wconf 87' lang='lat' dir='ltr'><strong>taceas</strong></span> <span class='ocrx_word' id='word_1_261' title='bbox 462 3049 492 3100; x_wconf 93' lang='lat' dir='ltr'><strong>et</strong></span> <span class='ocrx_word' id='word_1_262' title='bbox 506 3044 531 3101; x_wconf 93' lang='lat' dir='ltr'><strong>si</strong></span> <span class='ocrx_word' id='word_1_263' title='bbox 545 3051 606 3100; x_wconf 90' lang='lat' dir='ltr'><strong>tam</strong></span> <span class='ocrx_word' id='word_1_264' title='bbox 619 3051 701 3100; x_wconf 89' lang='lat' dir='ltr'><strong>muta</strong></span> <span class='ocrx_word' id='word_1_265' title='bbox 714 3043 874 3113; x_wconf 89' lang='lat' dir='ltr'><strong>recumbas,</strong></span> 
     </span>
     <span class='ocr_line' id='line_1_38' title="bbox 217 3121 838 3194; baseline 0.002 -16"><span class='ocrx_word' id='word_1_266' title='bbox 217 3123 313 3194; x_wconf 87' lang='lat' dir='ltr'><strong>Quam</strong></span> <span class='ocrx_word' id='word_1_267' title='bbox 327 3121 394 3179; x_wconf 91' lang='lat' dir='ltr'><strong>silet</strong></span> <span class='ocrx_word' id='word_1_268' title='bbox 407 3123 438 3178; x_wconf 88' lang='lat' dir='ltr'><strong>in</strong></span> <span class='ocrx_word' id='word_1_269' title='bbox 451 3141 518 3180; x_wconf 88' lang='lat' dir='ltr'><strong>cera</strong></span> <span class='ocrx_word' id='word_1_270' title='bbox 531 3124 629 3180; x_wconf 83' lang='lat' dir='ltr'><strong>voltus</strong></span> <span class='ocrx_word' id='word_1_271' title='bbox 642 3131 673 3180; x_wconf 91' lang='lat' dir='ltr'><strong>et</strong></span> <span class='ocrx_word' id='word_1_272' title='bbox 686 3123 717 3180; x_wconf 92' lang='lat' dir='ltr'><strong>in</strong></span> <span class='ocrx_word' id='word_1_273' title='bbox 731 3122 838 3179; x_wconf 77' lang='lat' dir='ltr'><strong>tabula.</strong></span> 
     </span>
    </p>
   </div>
   <div class='ocr_carea' id='block_1_9' title="bbox 164 3255 996 3319">
    <p class='ocr_par' dir='ltr' id='par_1_24' title="bbox 164 3255 996 3319">
     <span class='ocr_line' id='line_1_39' title="bbox 164 3255 996 3319; baseline 0.007 -19"><span class='ocrx_word' id='word_1_274' title='bbox 164 3255 185 3299; x_wconf 78' lang='lat'><strong>2.</strong></span> <span class='ocrx_word' id='word_1_275' title='bbox 201 3272 244 3302; x_wconf 73' lang='lat' dir='ltr'><strong>soa</strong></span> <span class='ocrx_word' id='word_1_276' title='bbox 253 3257 354 3316; x_wconf 63' lang='lat' dir='ltr'><strong>focem]</strong></span> <span class='ocrx_word' id='word_1_277' title='bbox 379 3259 480 3304; x_wconf 82' lang='lat' dir='ltr'><strong>Became</strong></span> <span class='ocrx_word' id='word_1_278' title='bbox 495 3260 535 3305; x_wconf 87' lang='lat' dir='ltr'><strong>tbe</strong></span> <span class='ocrx_word' id='word_1_279' title='bbox 552 3274 591 3304; x_wconf 88' lang='lat' dir='ltr'><strong>ex·</strong></span> <span class='ocrx_word' id='word_1_280' title='bbox 649 3259 670 3305; x_wconf 83' lang='lat'><strong>3.</strong></span> <span class='ocrx_word' id='word_1_281' title='bbox 686 3258 808 3319; x_wconf 71' lang='lat' dir='ltr'><strong>normias]</strong></span> <span class='ocrx_word' id='word_1_282' title='bbox 825 3259 996 3306; x_wconf 77' lang='lat' dir='ltr'><strong>se.sscensm.</strong></span> 
     </span>
    </p>
   </div>
   <div class='ocr_carea' id='block_1_10' title="bbox 136 3314 1130 3426">
    <p class='ocr_par' dir='ltr' id='par_1_25' title="bbox 136 3314 1130 3426">
     <span class='ocr_line' id='line_1_40' title="bbox 136 3314 1130 3377; baseline 0.011 -21"><span class='ocrx_word' id='word_1_283' title='bbox 136 3314 590 3366; x_wconf 79' lang='lat' dir='ltr'><strong>pressiorosthefaceisbeatseenwben</strong></span> <span class='ocrx_word' id='word_1_284' title='bbox 649 3318 669 3362; x_wconf 78' lang='lat'><strong>4.</strong></span> <span class='ocrx_word' id='word_1_285' title='bbox 685 3319 747 3376; x_wconf 74' lang='grc' dir='ltr'><strong><em>σενα]</em></strong></span> <span class='ocrx_word' id='word_1_286' title='bbox 764 3317 835 3364; x_wconf 83' lang='lat' dir='ltr'><strong>Geras</strong></span> <span class='ocrx_word' id='word_1_287' title='bbox 849 3318 954 3377; x_wconf 71' lang='lat' dir='ltr'><strong>imagine,</strong></span> <span class='ocrx_word' id='word_1_288' title='bbox 968 3333 982 3364; x_wconf 90' lang='lat' dir='ltr'><strong>a</strong></span> <span class='ocrx_word' id='word_1_289' title='bbox 997 3333 1072 3366; x_wconf 81' lang='lat' dir='ltr'><strong>wueo</strong></span> <span class='ocrx_word' id='word_1_290' title='bbox 1129 3330 1130 3360; x_wconf 75' lang='grc'><strong>1</strong></span> 
     </span>
     <span class='ocr_line' id='line_1_41' title="bbox 136 3367 679 3426; baseline 0.022 -17"><span class='ocrx_word' id='word_1_291' title='bbox 136 3367 211 3426; x_wconf 75' lang='lat' dir='ltr'><strong>people</strong></span> <span class='ocrx_word' id='word_1_292' title='bbox 222 3383 333 3416; x_wconf 80' lang='lat' dir='ltr'><strong>convene.</strong></span> <span class='ocrx_word' id='word_1_293' title='bbox 619 3375 679 3421; x_wconf 90' lang='lat' dir='ltr'><strong>bust.</strong></span> 
     </span>
    </p>
   </div>
   <div class='ocr_carea' id='block_1_11' title="bbox 0 0 1158 3862">
    <p class='ocr_par' dir='ltr' id='par_1_26' title="bbox 0 0 1158 3862">
     <span class='ocr_line' id='line_1_42' title="bbox 0 0 1158 3862; baseline 0 2"><span class='ocrx_word' id='word_1_294' title='bbox 0 0 1158 3862; x_wconf 95' lang='lat' dir='ltr'><strong> </strong></span> 
     </span>
    </p>
   </div>
  </div>
 </body>
</html>
